<record><leader>00000cas a22000007a 4500</leader><controlfield tag="001">19787004</controlfield><controlfield tag="008">890531d189u19uugaudn ne      0    0eng d</controlfield><datafield ind1=" " ind2=" " tag="010"><subfield code="a">sn 89053270 </subfield></datafield><datafield ind1=" " ind2=" " tag="040"><subfield code="a">NLG</subfield><subfield code="b">eng</subfield><subfield code="c">NLG</subfield><subfield code="d">GUA</subfield><subfield code="d">OCLCQ</subfield><subfield code="d">OCLCF</subfield><subfield code="d">OCLCO</subfield></datafield><datafield ind1="1" ind2=" " tag="029"><subfield code="a">AU@</subfield><subfield code="b">000041189237</subfield></datafield><datafield ind1=" " ind2=" " tag="042"><subfield code="a">msc</subfield></datafield><datafield ind1=" " ind2=" " tag="043"><subfield code="a">n-us-ga</subfield></datafield><datafield ind1="0" ind2=" " tag="130"><subfield code="a">Waycross evening herald (Waycross, Ga. : Daily)</subfield></datafield><datafield ind1="1" ind2="0" tag="245"><subfield code="a">Waycross evening herald.</subfield></datafield><datafield ind1=" " ind2=" " tag="260"><subfield code="a">Waycross, Ga. :</subfield><subfield code="b">A.P. Perham &amp; Son</subfield></datafield><datafield ind1=" " ind2=" " tag="300"><subfield code="a">v.</subfield></datafield><datafield ind1=" " ind2=" " tag="310"><subfield code="a">Daily (except Sun.)</subfield></datafield><datafield ind1=" " ind2=" " tag="530"><subfield code="a">Also on microfilm: Athens, Ga. : University of Georgia Libraries.</subfield></datafield><datafield ind1=" " ind2=" " tag="580"><subfield code="a">Merged with: Waycross daily journal, to form: Waycross daily journal and evening herald.</subfield></datafield><datafield ind1=" " ind2=" " tag="580"><subfield code="a">Weekly editions: Waycross weekly herald (Waycross, Ga. : 1893), 1893-1094?; Weekly edition of the Waycross evening herald, 1904?-1908; Waycross weekly herald (Waycross, Ga. : 1908), 1908-</subfield></datafield><datafield ind1=" " ind2=" " tag="588"><subfield code="a">Description based on: Vol. 15, no. 361 (June 3, 1908).</subfield></datafield><datafield ind1=" " ind2="0" tag="651"><subfield code="a">Waycross (Ga.)</subfield><subfield code="v">Newspapers.</subfield></datafield><datafield ind1=" " ind2="0" tag="651"><subfield code="a">Ware County (Ga.)</subfield><subfield code="v">Newspapers.</subfield></datafield><datafield ind1=" " ind2="7" tag="655"><subfield code="a">Newspapers.</subfield><subfield code="2">fast</subfield><subfield code="0">(OCoLC)fst01423814</subfield></datafield><datafield ind1=" " ind2="7" tag="651"><subfield code="a">Georgia</subfield><subfield code="z">Ware County.</subfield><subfield code="2">fast</subfield><subfield code="0">(OCoLC)fst01217124</subfield></datafield><datafield ind1=" " ind2="7" tag="651"><subfield code="a">Georgia</subfield><subfield code="z">Waycross.</subfield><subfield code="2">fast</subfield><subfield code="0">(OCoLC)fst01217251</subfield></datafield><datafield ind1=" " ind2=" " tag="752"><subfield code="a">United States</subfield><subfield code="b">Georgia</subfield><subfield code="c">Ware</subfield><subfield code="d">Waycross.</subfield></datafield><datafield ind1="1" ind2=" " tag="775"><subfield code="t">Waycross weekly herald (Waycross, Ga. : 1893)</subfield><subfield code="w">(DLC)sn 89053265</subfield><subfield code="w">(OCoLC)19786951</subfield></datafield><datafield ind1="1" ind2=" " tag="775"><subfield code="t">Weekly edition of the Waycross evening herald</subfield><subfield code="w">(DLC)sn 89053268</subfield><subfield code="w">(OCoLC)19786963</subfield></datafield><datafield ind1="1" ind2=" " tag="775"><subfield code="t">Waycross weekly herald (Waycross, Ga. : 1908)</subfield><subfield code="w">(DLC)sn 89053269</subfield><subfield code="w">(OCoLC)19786967</subfield></datafield><datafield ind1="1" ind2="7" tag="785"><subfield code="t">Waycross daily journal</subfield><subfield code="w">(DLC)sn 89053272</subfield><subfield code="w">(OCoLC)19787125</subfield></datafield><datafield ind1="1" ind2="7" tag="785"><subfield code="t">Waycross daily journal and evening herald</subfield><subfield code="w">(DLC)sn 89053273</subfield><subfield code="w">(OCoLC)19787073</subfield></datafield></record>